
@DocuShare{LSE-160,
  author =       {Brian Selvy},
  title =        "{Verification and Validation Process}",
  year =         2013,
  month =        sep,
  handle =       {LSE-160},
}

@DocuShare{document-14789,
  author =       {Jeff Kantor},
  title =        "{LSST Long-Haul Networks (LHN) End-to-end Test Plan}",
  year =         2014,
  month =        sep,
  handle =       {document-14789},
}

